<record><leader>00000cas a22000007a 4500</leader><controlfield tag="001">14773226</controlfield><controlfield tag="008">861120d18531855inuwr ne      0    0eng d</controlfield><datafield ind1=" " ind2=" " tag="010"><subfield code="a">sn 86058964 </subfield></datafield><datafield ind1=" " ind2=" " tag="040"><subfield code="a">NPI</subfield><subfield code="b">eng</subfield><subfield code="c">NPI</subfield><subfield code="d">OCLCQ</subfield></datafield><datafield ind1=" " ind2=" " tag="042"><subfield code="a">msc</subfield></datafield><datafield ind1="0" ind2="0" tag="245"><subfield code="a">Delphi dollar journal.</subfield></datafield><datafield ind1=" " ind2=" " tag="260"><subfield code="a">Delphi, Ind. :</subfield><subfield code="b">J.B. Scott,</subfield><subfield code="c">1853-1855.</subfield></datafield><datafield ind1=" " ind2=" " tag="310"><subfield code="a">Weekly</subfield></datafield><datafield ind1="0" ind2=" " tag="362"><subfield code="a">Vol. 4, no. 1 (Nov. 17, 1853)-v. 5, no. 52 (Nov. 7, 1855).</subfield></datafield><datafield ind1=" " ind2=" " tag="752"><subfield code="a">United States</subfield><subfield code="b">Indiana</subfield><subfield code="c">Carroll</subfield><subfield code="d">Delphi.</subfield></datafield><datafield ind1="0" ind2="0" tag="780"><subfield code="t">Delphi weekly journal (Delphi, Ind. : 1850)</subfield><subfield code="w">(DLC)sn 86058962</subfield></datafield><datafield ind1="0" ind2="0" tag="785"><subfield code="t">Delphi journal (Delphi, Ind. : 1855)</subfield><subfield code="w">(DLC)sn 86058963</subfield></datafield></record>